@Misc{wiki21,
    author = "{Wikipedia contributors}",
    title = "{2020 in anime}",
    year= "2021",
    month = "March 13",
    urldate = "March 13, 2021",
    url = "{https://en.wikipedia.org/wiki/2020\_in\_anime}",
}
  
@Misc{Ani18,  
    author = "{Anime Motivation}",  
    title = "How many people watch anime.",
    publisher = "Quora",
    year = "2018",
    month = "February 16",
    urldate = "March 13, 2021",
    url = "https://www.quora.com/How-many-people-watch-anime"  
}  
  
@Misc{Dash21,  
    author = "{Dash Community}",  
    title = "Introduction to Dash. Plotly.",
    publisher = "Plotly",
    year = "2021",
    month = "March 14",
    urldate = "March 13, 2021",
    url = "https://dash.plotly.com/introduction"  
}  
  
@Misc{Ell18,  
    author = "Ellis, T.",  
    title = "How The Anime Industry Has Grown Since 2004, According To Google Trends",
    publisher = "Anime Motivation",
    year = "2018",
    month = "June 23",
    urldate = "March 13, 2021",
    url = "https://animemotivation.com/anime-industry-growth-2004-to-2018/"  
}  
  
@Misc{MyA21,  
    author = "MyAnimeList",  
    title = "Anime and Manga Database and Community",  
    year = "2021",
    month = "March 13",
    publisher = "MyAnimeList Co",
    urldate = "March 13, 2021",
    url = "https://myanimelist.net"  
}
  
@Misc{JSON21,  
    author = "JSON",
    year = "2021",
    month = "March 14",
    title = "Introducing JSON",
    publisher = "JSON",
    urldate = "March 13, 2021",
    url = "https://www.cbc.ca/news/world/amazon-deforestation-up-june-1.5644730"
}  
  
@Misc{Pynpy,  
    author = "{The SciPy community}",  
    year = "2021",
    month = "Jan 31",
    title = "What is NumPy?",
    publisher = "NumPy",
    urldate = "March 13, 2021",
    url = "https://numpy.org/doc/stable/user/whatisnumpy.html"  
}
  
@Misc{Pan21,  
    author = "{Pandas Development Team.}",  
    title = "pandas documentation",  
    year = "2021",
    publisher = "Pandas",
    urldate = "March 13, 2021",
    url = "https://pandas.pydata.org/docs/"
}
  
@Misc{Pyjson,  
    author = "{JSON Python Community}",
    publisher = "Python Software Foundation",
    title = "JSON encoder and decoder",  
    year = "2021",
    month = "March 13",
    urldate = "March 13, 2021",
    url = "https://docs.python.org/3/library/json.html"  
}  
  
@Misc{manami,  
    author = "{manami-project}",  
    title = "anime-offline-database",
    publisher = "GitHub",
    year = "2021",
    month = "March 11",
    urldate = "March 13, 2021",
    url = "https://github.com/manami-project/anime-offline-database"  
}  
  
@Misc{plotly,  
    author = "{Plotly Community}",  
    title = "Plotly Python Open Source Graphing Library",
    publisher = "Plotly",
    year = "2021",
    month = "March 13",
    urldate = "March 13, 2021",
    url = "https://matplotlib.org/"  
} 
@Misc{vs21,
    author = "Pedamker, P.",
    year = "2021",
    month = "March 2",
    title = "JSON vs CSV: Know the top 6 important comparison",
    publisher = "EDUCBA",
    urldate = "March 13, 2021",
    url = "https://www.educba.com/json-vs-csv/"
}

@Misc{vspace,
    author = "Borodin, A.",
    year = "2020",
    month = "October 23",
    title = "Great Ideas in Computing (Fall 2020): Week 6",
    publisher = "University of Toronto",
    urldate = "March 15, 2021",
    url = "http://www.cs.toronto.edu/~bor/196f20/W6.pdf"
}

@Misc{nxspr,
    author = "{NetworkX Developers}",
    year = "2020",
    month = "August 23",
    title = "{networkx.drawing.layout.spring\_layout}",
    publisher = "NetworkX Developers",
    urldate = "April 19, 2021",
    url = "https://networkx.org/documentation/stable/reference/generated/networkx.drawing.layout.spring_layout.html"
}

@Misc{Dashdcc,  
    author = "{Dash Community}",  
    title = "Dash Core Components",
    publisher = "Plotly",
    year = "2021",
    month = "April 19",
    urldate = "April 19, 2021",
    url = "https://dash.plotly.com/dash-core-components"  
}  

@Misc{Dashhtml,  
    author = "{Dash Community}",  
    title = "Dash HTML Components",
    publisher = "Plotly",
    year = "2021",
    month = "April 19",
    urldate = "April 19, 2021",
    url = "https://dash.plotly.com/dash-html-components"  
}  

@Misc{Euclinn,  
    author = "Scharf, L.",  
    title = "Inner Product and Euclidean Norm",
    publisher = "LibreTexts Engineering",
    year = "2020",
    month = "December 1",
    urldate = "December 1, 2020",
    url = "https://eng.libretexts.org/Bookshelves/Computer_Science/Book\%3A_A_First_Course_in_Electrical_and_Computer_Engineering_(Scharf)/6\%3A_Linear_Algebra/6.03\%3A_Inner_Product_and_Euclidean_Norm"  
}  